@Manual{R:2024,
    title = {R: A Language and Environment for Statistical Computing},
    author = {{R Core Team}},
    organization = {R Foundation for Statistical Computing},
    address = {Vienna, Austria},
    year = {2024},
    url = {https://www.R-project.org/},
  }

@article{beasley2009rank,
  title={Rank-based inverse normal transformations are increasingly used, but are they merited?},
  author={Beasley, T Mark and Erickson, Stephen and Allison, David B},
  journal={Behavior genetics},
  volume={39},
  pages={580--595},
  year={2009},
  publisher={Springer}
}

 @Article{DESeq2:2014,
    title = {Moderated estimation of fold change and dispersion for RNA-seq data with DESeq2},
    author = {Michael I. Love and Wolfgang Huber and Simon Anders},
    year = {2014},
    journal = {Genome Biology},
    doi = {10.1186/s13059-014-0550-8},
    volume = {15},
    issue = {12},
    pages = {550},
  }

@misc{cdc_all_2022,
	title = {All {About} {Adult} {BMI}},
	url = {https://www.cdc.gov/healthyweight/assessing/bmi/adult_bmi/index.html},
	abstract = {See how body mass index is used and how to interpret adult results.},
	language = {en-us},
	urldate = {2024-06-05},
	journal = {Centers for Disease Control and Prevention},
	author = {CDC},
	month = jun,
	year = {2022},
	file = {Snapshot:/home/leopoldguyot/Zotero/storage/TW48GLAV/index.html:text/html},
}

@article{korotkevich2016fast,
  title={Fast gene set enrichment analysis},
  author={Korotkevich, Gennady and Sukhov, Vladimir and Budin, Nikolay and Shpak, Boris and Artyomov, Maxim N and Sergushichev, Alexey},
  journal={BioRxiv},
  pages={060012},
  year={2016},
  publisher={Cold Spring Harbor Laboratory}
}

@Article{fgsea,
    author = {Gennady Korotkevich and Vladimir Sukhov and Alexey Sergushichev},
    title = {Fast gene set enrichment analysis},
    year = {2019},
    doi = {10.1101/060012},
    publisher = {Cold Spring Harbor Labs Journals},
    url = {http://biorxiv.org/content/early/2016/06/20/060012},
    journal = {bioRxiv},
  }

@Article{tidyverse,
    title = {Welcome to the {tidyverse}},
    author = {Hadley Wickham and Mara Averick and Jennifer Bryan and Winston Chang and Lucy D'Agostino McGowan and Romain François and Garrett Grolemund and Alex Hayes and Lionel Henry and Jim Hester and Max Kuhn and Thomas Lin Pedersen and Evan Miller and Stephan Milton Bache and Kirill Müller and Jeroen Ooms and David Robinson and Dana Paige Seidel and Vitalie Spinu and Kohske Takahashi and Davis Vaughan and Claus Wilke and Kara Woo and Hiroaki Yutani},
    year = {2019},
    journal = {Journal of Open Source Software},
    volume = {4},
    number = {43},
    pages = {1686},
    doi = {10.21105/joss.01686},
  }

@Manual{xtable,
    title = {xtable: Export Tables to LaTeX or HTML},
    author = {David B. Dahl and David Scott and Charles Roosen and Arni Magnusson and Jonathan Swinton},
    year = {2019},
    note = {R package version 1.8-4},
    url = {https://CRAN.R-project.org/package=xtable},
  }